<record><leader>00000cas a22000007a 4500</leader><controlfield tag="001">12374043</controlfield><controlfield tag="008">850812d1985198ucauwn ne      0   a0eng d</controlfield><datafield ind1=" " ind2=" " tag="010"><subfield code="a">sn 85006790 </subfield></datafield><datafield ind1=" " ind2=" " tag="040"><subfield code="a">NSD</subfield><subfield code="b">eng</subfield><subfield code="c">NSD</subfield><subfield code="d">OCL</subfield><subfield code="d">OCLCQ</subfield></datafield><datafield ind1=" " ind2=" " tag="012"><subfield code="m">d</subfield></datafield><datafield ind1="1" ind2=" " tag="022"><subfield code="a">0884-4062</subfield><subfield code="l">0884-4062</subfield><subfield code="2">1</subfield></datafield><datafield ind1=" " ind2=" " tag="037"><subfield code="b">The Mountaineer, 2667 Hunsaker Dr., Running Springs, CA 92382</subfield></datafield><datafield ind1=" " ind2=" " tag="042"><subfield code="a">nsdp</subfield></datafield><datafield ind1="0" ind2=" " tag="130"><subfield code="a">Mountaineer (Running Springs, Calif.)</subfield></datafield><datafield ind1=" " ind2="4" tag="222"><subfield code="a">The Mountaineer</subfield><subfield code="b">(Running Springs, Calif.)</subfield></datafield><datafield ind1="1" ind2="4" tag="245"><subfield code="a">The Mountaineer.</subfield></datafield><datafield ind1=" " ind2=" " tag="260"><subfield code="a">Running Springs, Calif. :</subfield><subfield code="b">Roger G. Bolas</subfield></datafield><datafield ind1=" " ind2=" " tag="310"><subfield code="a">Weekly (except holidays),</subfield><subfield code="b">&lt;June 6, 1985-&gt;</subfield></datafield><datafield ind1=" " ind2=" " tag="321"><subfield code="a">Weekly,</subfield><subfield code="b">&lt;Apr. 11, 1985-&gt;</subfield></datafield><datafield ind1="1" ind2=" " tag="362"><subfield code="a">Began in 1985.</subfield></datafield><datafield ind1=" " ind2=" " tag="588"><subfield code="a">Description based on: Vol. no. 1, issue 3 (Apr. 11, 1985).</subfield></datafield><datafield ind1=" " ind2=" " tag="752"><subfield code="a">United States</subfield><subfield code="b">California</subfield><subfield code="c">San Bernardino</subfield><subfield code="d">Running Springs.</subfield></datafield><datafield ind1="0" ind2="0" tag="785"><subfield code="t">Alpenhorn</subfield><subfield code="x">0891-5555</subfield><subfield code="w">(OCoLC)14964085</subfield></datafield><datafield ind1=" " ind2=" " tag="936"><subfield code="a">June 6, 1985</subfield></datafield></record>